
@book{duda_pattern_2012,
	title = {Pattern classification},
	publisher = {John Wiley \& Sons},
	author = {Duda, Richard O and Hart, Peter E and Stork, David G},
	date = {2012},
}

@article{brownlee_tips_2019,
	title = {Tips for Training Stable Generative Adversarial Networks},
	url = {https://machinelearningmastery.com/how-to-train-stable-generative-adversarial-networks/},
	author = {Brownlee, Jason},
	date = {2019},
}
